2842 4926
689 332 935 458 ..25-

175 655 181 669 ,
266 597 408 676 dedisse,
440 617 503 658 non
537 593 636 661 solum
663 618 698 659 ex
732 597 862 658 eliorum
888 580 1066 658 testimoniis
1078 595 1106 677 *l
1140 597 1363 663 demonstravit

267 712 445 800 Spengelius
464 737 495 800 p.
521 715 580 794 533
603 715 655 777 sed
676 713 767 775 etiam
789 713 925 775 inlibris
947 715 1040 798 ipsius
1060 736 1122 776 non
1142 737 1241 802 pauca
1260 739 1364 804 neque
1401 715 1402 748 ³

266 832 361 894 dubia
379 833 472 894 huius
491 834 582 894 studii
604 831 738 914 exempla
758 832 831 893 scite
852 831 982 915 collegit.

350 947 412 1012 Sed
427 949 466 1010 ab
477 949 534 1009 hac
549 949 715 1012 verborum
728 949 936 1032 disquisitione
952 959 982 1008 et
1000 952 1245 1032 comparatione,
1267 973 1364 1035 qnam

268 1067 417 1130 Prodicus
438 1066 577 1147 colebat,
607 1066 659 1129 illa
689 1087 759 1149 pars
779 1067 949 1129 rhetoricae
970 1067 1142 1143 differebat,
1166 1089 1244 1150 quae
1265 1065 1365 1150 o’pi‘lo⁴
1401 1063 1402 1098 l

268 1181 360 1248 ἔπεια
376 1181 544 1246 dicebatur.
568 1185 647 1245 Eam
665 1183 864 1265 Protagoram
885 1157 1074 1269 potissimum
1095 1185 1262 1267 professum
1284 1207 1362 1264 esse,

270 1302 402 1364 ostendit
430 1293 636 1362 memorabilis
666 1299 803 1361 Platonis
834 1283 918 1362 locus
947 1301 1080 1361 Phaedr.
1112 1323 1182 1386 pag.
1206 1301 1245 1364 82
1263 1327 1279 1380 ,¹
1298 1325 1360 1365 11:

219 1497 221 1504 y
270 1418 385 1482 Socrat.
414 1407 664 1514 Td'ffiilod
684 1416 751 1510 σοῖς
772 1407 937 1499 φράσομεν
959 1406 1004 1477 αὖ
1022 1421 1158 1495 μουσεῖα
1179 1410 1300 1498 lipom
1323 1411 1360 1490 ὃς
1401 1435 1402 1442 “

268 1525 556 1608 διπλααιολογιαν”’
562 1521 618 1588 και
646 1531 860 1610 γνωμολογίαν
886 1531 942 1595 και
969 1525 1212 1615 senoretoylov’
1190 1529 1362 1614 ὀνομάτων

270 1667 307 1708 τε
340 1635 581 1725 Λικνμνιίσν
567 1636 589 1706 oi
633 1643 791 1732 ἕκείνῳέ
775 1619 958 1727 &detenuit
998 1641 1079 1729 πρὸς
1120 1647 1247 1730 ποίησιν
1273 1645 1364 1708 εὖε-

269 1763 557 1840 σοι’,αςςΡΙιαειΙν
581 1758 813 1848 Πρωταγόρεια
838 1763 932 1842 δὲ,ω
907 1751 1132 1847 ὦΣαὶκρατες,
1153 1761 1208 1827 ου’νι
1228 1755 1268 1847 ἦν
1287 1765 1365 1845 μέν·

267 1889 322 1944 τοι
341 1877 460 1944 τοιαῦτ’
472 1903 584 1960 ατταΡ
612 1883 698 1944 Socr
733 1877 977 1965 Ὀρθοέαειά
1004 1879 1040 1963 γέ
1061 1902 1129 1961 τις,
1155 1904 1181 1942 ω
1204 1885 1281 1960 παῖ,
1312 1871 1402 1942 nal

270 1985 355 2060 ἄλλα
385 1992 487 2059 πολλοὶ
521 1991 578 2058 καὶ
603 1989 695 2066 καλά,
745 1999 782 2058 In
802 2021 863 2081 quo
884 1998 943 2060 hoc
964 2001 1098 2080 primum
1119 1997 1365 2059 animadverten-
1401 2031 1402 2066 ;

270 2113 346 2174 dum
367 2124 424 2192 est,
439 2113 625 2190 Phaedrum,
648 2099 702 2176 ulii
723 2115 760 2176 de
775 2113 843 2175 Poli
863 2115 997 2175 artificiis
1006 2114 1117 2175 ''sermo
1138 2127 1215 2195 erat,
1235 2115 1365 2185 simulac
1401 2113 1402 2118 ¹

225 2203 229 2212 ι
269 2249 383 2292 nomen
404 2226 550 2302 εὐεπείας
570 2231 742 2312 audiverit,
763 2234 865 2292 statim
879 2233 1065 2316 Protagorae
1086 2233 1253 2309 admoneri,
1278 2238 1364 2296 cuius
1401 2213 1402 2218 ἵ

269 2357 367 2410 artem
388 2347 497 2410 deinde
517 2347 654 2410 Socrates
678 2349 865 2411 emendatius
881 2347 1070 2434 σ’ρθοέπειαν
1090 2347 1174 2411 dicit.
1199 2351 1269 2412 Iure
1294 2353 1365 2414 inde

270 2463 372 2546 colligi
392 2485 480 2546 posse
499 2463 644 2542 videtur,
672 2451 797 2526 nomina
818 2469 877 2527 ista
907 2487 1039 2527 cum—
998 2463 1151 2528 -ἐπεια
1175 2471 1396 2550 composita,-
1401 2539 1402 2602 1

269 2589 417 2662 tanquam
447 2591 580 2649 exteram
609 2579 756 2662 originem
790 2603 917 2664 praese
941 2583 1091 2662 ferentia,
1124 2583 1240 2644 Atticas
1274 2607 1364 2647 aures

272 2696 444 2763 offendisse.
490 2698 556 2760 lam
576 2719 650 2760 vero
671 2721 767 2782 quum
790 2712 961 2784 opportune
979 2697 1089 2768 rursus
1110 2679 1253 2784 Diogenis
1270 2680 1359 2761 Laer-

23 2829 25 2842 '
125 2840 129 2848 “
216 2896 219 2905 ¹
271 2815 438 2880 tinentia
460 2813 498 2876 dc
519 2814 686 2876 Democriti
708 2817 826 2898 scriptis
847 2809 1022 2896 obveniat,
1045 2813 1125 2878 inter
1147 2839 1225 2900 quae
1246 2816 1363 2878 libellus

272 2931 349 3014 περὶ
381 2928 566 3014 terrenam
593 2935 785 3016 nominatur,
816 2918 927 2997 certius
956 2935 1106 2997 affirmare
1135 2933 1252 3012 ausim,
1281 2933 1366 3016 quod

199 3015 206 3032 i
274 3055 366 3132 supra
391 3051 611 3143 indicavimus,
640 3050 732 3110 lirisse
760 3049 893 3135 aliquam
925 3033 1100 3114 studiorum
1123 3051 1368 3112 coniunctionem

273 3170 353 3229 inter
373 3180 538 3250 utrumque
559 3150 762 3229 Abderitam:
790 3169 990 3254 Protagoram
1028 3168 1154 3229 fortasse
1183 3191 1248 3228 eam
1269 3181 1369 3260 artem

274 3281 471 3373 amplificasse
499 3295 529 3343 et
558 3303 617 3366 per
636 3287 794 3347 Graeciam
815 3285 970 3364 docuisse,
1005 3257 1091 3346 cuius
1113 3273 1221 3377 auctor
1253 3288 1369 3348 Demo-

274 3405 369 3466 critus
396 3405 509 3483 fuerit,
545 3409 656 3488 cuique
688 3427 723 3464 ex
753 3424 808 3464 suo
838 3401 956 3464 dicendi
992 3424 1050 3463 usu
1087 3403 1225 3466 lonicum
1254 3425 1370 3464 nomen

272 3523 462 3610 imposuerit.
505 3521 581 3581 Nam
603 3511 789 3647 ὄρθοὲαειαν
810 3519 949 3602 equidem
979 3541 1044 3580 non
1072 3509 1134 3580 ἆπό
1159 3517 1231 3581 τῶν
1259 3515 1370 3602 ὄρθοῖν

273 3637 368 3706 ἐπῶν
393 3639 454 3705 dict
442 3650 505 3705 tam
532 3659 596 3698 esse
616 3649 713 3720 puto,
737 3624 848 3704 seda
865 3640 964 3720 prisca
995 3635 1082 3700 verbi
1111 3610 1250 3699 forma''
1228 3657 1295 3696 επιο
1317 3635 1370 3698 vel

273 3736 385 3832 ἐνέπω,
411 3767 447 3816 ut
467 3756 553 3838 quasi
575 3750 759 3839 ὄρθολεξιίαν
779 3755 967 3839 significet
944 3777 1009 3818 sive
1024 3765 1122 3816 artem
1133 3765 1215 3816 recte
1230 3753 1368 3816 dicendi.

322 4017 349 4092 ³)
382 4015 473 4070 Schol
498 4017 534 4072 ad
555 4016 662 4072 Thur.
669 4025 712 4090 ap.
720 4009 908 4130 Dukernm
894 4035 924 4072 m
941 4015 1046 4075 adnott.
1059 4005 1175 4120 pfil8
1179 4019 1206 4070 b
1226 4015 1369 4124 ΜειοεῙΙ

365 4123 427 4181 vit.
448 4106 535 4184 Tliuc.
554 4141 581 4198 p.
599 4121 731 4182 xnt·
971 4137 975 4144 ’
