2842 4926
694 323 944 392 ...32-

270 535 370 598 metae
390 531 521 594 fundum
543 519 719 594 subuertere
739 532 921 596 conabatur.
961 517 1045 594 Tum
1066 539 1167 600 autem
1181 523 1364 620 Protagoras

269 649 470 714 hauddubie
496 650 579 710 inani
603 652 805 712 ostentatione
830 653 896 712 sani
921 651 1070 734 cuiusque
1087 655 1184 714 risum
1208 655 1364 744 movebat.

268 769 410 851 Denique
420 767 503 852 quod
523 766 759 848 Aristophanem
779 770 917 850 inprimis
938 767 978 829 ad
1001 791 1073 832 sum
1100 770 1289 864 irridendum
1319 774 1365 834 in·

269 885 375 948 citasse
399 897 494 969 puto,
515 905 577 945 non
606 895 671 945 erat
699 883 753 947 illa
772 895 878 964 aetas,
905 909 966 970 qua
989 899 1068 950 artes
1090 909 1194 950 omnes
1213 901 1244 950 et
1266 894 1365 974 poie'sis

234 1057 238 1070 ,
268 1003 440 1066 felicissimo
460 1003 651 1086 ingeniorum
668 1014 819 1087 proventu
835 1002 997 1083 llorebant,
1015 1005 1055 1071 ad
1070 1027 1106 1068 ea
1122 1005 1221 1068 studia
1243 1028 1364 1070 accom-

268 1121 409 1199 modata,
438 1119 550 1202 quibus
571 1120 644 1180 artis
664 1140 757 1202 opera
780 1122 813 1180 in
833 1131 934 1203 partes
961 1143 1029 1182 suas
1055 1122 1201 1184 dissoluta
1232 1123 1270 1184 ad
1293 1147 1363 1186 exa·
1397 1131 1398 1194 Ξ

177 1247 179 1258 ’
267 1245 387 1306 menet
407 1236 447 1298 ad
464 1237 611 1296 iudicium
631 1247 793 1297 vocantur.
837 1238 887 1298 Sic
908 1239 1001 1320 igitur
1015 1238 1198 1318 factumest,
1210 1251 1245 1300 ut
1257 1241 1364 1302 eadem

266 1353 390 1433 studia,
411 1374 490 1437 quae
516 1343 657 1460 ducentis
693 1351 756 1414 fere
778 1355 864 1414 annis
891 1354 1102 1438 praeterlapsis
1136 1377 1230 1440 prope
1255 1356 1362 1420 orbem

268 1481 423 1534 terrarum
448 1480 631 1552 occuparent
665 1479 696 1532 et
723 1472 886 1552 imperium
915 1471 1146 1555 disciplinarum
1168 1473 1360 1553 obtinerent,

268 1589 520 1671 quamprimum
541 1587 625 1652 haud
640 1587 778 1650 infaustis
798 1589 937 1718 auspiciis
961 1589 1175 1671 nascebantur,
1197 1590 1363 1652 illuderen-

267 1717 324 1768 tur
344 1716 376 1767 et
380 1708 647 1788 reprimerentur.
711 1712 714 1720 '

327 1823 511 1886 Postremo
532 1822 600 1884 loco
625 1823 706 1883 inter
727 1823 875 1905 sophistas
904 1835 935 1885 et
954 1821 1113 1899 rhetores,
1144 1825 1199 1908 qui
1228 1825 1363 1910 aliquam

178 2013 182 2021 ι
268 1941 342 2014 artis
354 1961 427 2000 suae
442 1961 511 2000 cum
526 1935 719 2020 grammatica
736 1923 981 2002 communionem
999 1941 1207 2017 instituebant,
1226 1941 1363 2026 Hippias

266 2056 471 2118 nominandus
503 2067 548 2118 est
575 2055 682 2118 Eleus.
726 2056 786 2118 Sed
813 2058 911 2118 omnis
939 2069 1045 2118 nostra
1080 2058 1118 2119 de
1146 2080 1182 2119 ea
1211 2051 1245 2118 ie
1279 2061 1363 2120 noti-

147 2246 152 2256 .
230 2175 232 2180 ’
266 2177 310 2236 tia
337 2173 457 2236 duobus
483 2173 532 2234 vel
561 2174 663 2256 potius
694 2195 758 2234 uno
787 2173 856 2234 -loc'o
892 2173 1032 2235 Platonis
1063 2177 1173 2236 nititur
1192 2177 1224 2236 in
1249 2170 1363 2258 Hippia

267 2292 403 2372 maiore,
429 2311 465 2351 ex
498 2312 560 2373 quo
597 2292 748 2350 minorem
776 2291 872 2372 quum
903 2289 1080 2372 plerisque,
1120 2302 1187 2351 tum
1221 2313 1263 2352 eo
1294 2291 1363 2354 loco

267 2407 394 2468 ductum
422 2418 453 2468 et
471 2429 567 2489 paene
587 2408 769 2488 exscriptum
801 2429 865 2468 esse
891 2419 985 2488 puto,
1020 2427 1081 2489 quo
1105 2407 1235 2490 Hippiae
1248 2413 1363 2491 'gram-

267 2524 378 2584 matica
397 2543 490 2604 opera
504 2534 778 2588 commemoratur
796 2525 892 2605 Hipp.
910 2523 985 2584 Mai.
978 2547 1029 2606 .p.
1021 2523 1154 2586 .28..5B
1170 2525 1215 2586 st.
1223 2523 1296 2604 418,
1311 2529 1371 2589 12.

267 2634 408 2702 ἐκεῖνα
394 2663 415 2699 a
437 2633 477 2702 σύ
499 2635 749 2720 ἄκριβέστατα’
733 2639 903 2700 επίστασαι
933 2633 1111 2720 ἀνθρώπων
1132 2640 1263 2723 dramata
1282 2641 1369 2722 περί

266 2777 303 2818 τε
320 2749 519 2840 γραμμάτων
542 2754 708 2834 δυνάμεως
728 2777 782 2816 και
805 2731 973 2836 συλλαβῶν
992 2778 1045 2818 και
1068 2754 1205 2840 ῥυθμῶν
1226 2749 1276 2816 καὶ
1296 2752 1359 2838 ἆο-

265 2873 392 2954 paratv.
434 2875 513 2934 Min.
536 2895 569 2956 p.
588 2873 659 2936 368.
682 2875 728 2935 St.
748 2893 823 2954 210,
851 2873 906 2936 16.
928 2866 1112 2954 ἐπιστήμων
1144 2865 1364 2956 δὶαφερόντως

265 2992 329 3054 τῶν
349 2980 454 3074 ἄλλων
483 2985 540 3053 καὶ
564 2989 639 3072 περὶ
666 2983 803 3073 ῥυθμῶν
830 2990 885 3052 καὶ
907 2987 1067 3071 ἁρμονιῶν
1093 2987 1149 3048 καί
1166 2981 1366 3069 γραμμάτων

268 3103 448 3190 ὀρθότητος.
498 3110 694 3190 Quamquam
726 3109 859 3190 sophista
887 3077 952 3190 ipse
979 3107 1078 3186 priore
1100 3101 1177 3162 *loco
1199 3101 1280 3162 hanc
1311 3103 1365 3164 lit-

266 3236 401 3286 terarum
423 3235 454 3286 et
475 3245 674 3286 numerorum
698 3227 857 3307 peritiam,
880 3243 973 3306 quam
997 3222 1134 3282 Socrates
1157 3217 1203 3278 illi
1231 3219 1364 3295 tribuit,

266 3343 409 3424 superbe·
426 3343 556 3422 fastidit,
583 3363 649 3403 non
667 3352 770 3402 tamen
801 3339 1004 3416 dubitandum
1027 3359 1091 3400 esse
1115 3336 1263 3412 videtur,
1286 3337 1366 3417 quin

267 3459 431 3542 aliquando
456 3458 505 3521 his
527 3460 619 3520 nehus
648 3479 772 3542 operam
800 3457 928 3518 dederit.
972 3455 1014 3516 Et
1039 3454 1091 3516 ille
1115 3453 1239 3536 quidem
1264 3473 1367 3535 quum

266 3577 300 3638 in
330 3577 500 3638 litterarum
530 3587 672 3636 naturam
705 3575 897 3657 inquisivisse
922 3573 1058 3660 dicatur,
1076 3570 1235 3660 metricam
1264 3580 1367 3631 artem
1397 3647 1398 3654 ἵ

264 3694 403 3777 inprimis
415 3692 574 3761 colendam
591 3691 649 3755 sibi
668 3701 837 3766 sumserat,
866 3711 945 3772 quae
963 3691 1029 3750 cius
1044 3685 1236 3769 temporibus·
1245 3688 1367 3784 maiore

267 3811 424 3895 diligentia
451 3809 662 3885 tractabatur,
688 3803 790 3894 'quam
810 3829 867 3892 pro
888 3806 1034 3890 singulari
1055 3806 1148 3866 huius
1171 3802 1263 3866 studii
1285 3802 1365 3862 sub-

267 3926 378 3990 tilitate¹
400 3925 563 3987 verisimile
583 3943 646 3988 esse
671 3922 824 3986 videatur.
867 3923 927 3985 Sed
951 3919 1209 4006 quemadmodum
1230 3927 1367 4001 'graecos

267 4049 370 4128 poetas
388 4045 429 4106 ab
443 4043 659 4126 antiquissimis
683 4043 871 4126 temporibus
889 4039 1064 4104 admirabili
1086 4037 1256 4102 constantia
1278 4034 1364 4119 leges
